@article{Battye:2014qga,
      author         = "Battye, Richard A. and Charnock, Tom and Moss, Adam",
      title          = "{Tension between the power spectrum of density
                        perturbations measured on large and small scales}",
      journal        = "Phys. Rev.",
      volume         = "D91",
      year           = "2015",
      number         = "10",
      pages          = "103508",
      doi            = "10.1103/PhysRevD.91.103508",
      eprint         = "1409.2769",
      archivePrefix  = "arXiv",
      primaryClass   = "astro-ph.CO",
      SLACcitation   = "%%CITATION = ARXIV:1409.2769;%%"
}

@article{Seehars:2014ora,
      author         = {Seehars, Sebastian and Amara, Adam and Refregier, Alexandre and Paranjape, Aseem and Akeret, Jo\"el},
      title          = "{Information Gains from Cosmic Microwave Background Experiments}",
      journal        = "Phys. Rev.",
      volume         = "D90",
      year           = "2014",
      number         = "2",
      pages          = "023533",
      doi            = "10.1103/PhysRevD.90.023533",
      eprint         = "1402.3593",
      archivePrefix  = "arXiv",
      primaryClass   = "astro-ph.CO",
      SLACcitation   = "%%CITATION = ARXIV:1402.3593;%%"
}

@article{Marshall:2004zd,
      author         = "Marshall, Phil and Rajguru, Nutan and Slosar, Anze",
      title          = "{Bayesian evidence as a tool for comparing datasets}",
      journal        = "Phys. Rev.",
      volume         = "D73",
      year           = "2006",
      pages          = "067302",
      doi            = "10.1103/PhysRevD.73.067302",
      eprint         = "astro-ph/0412535",
      archivePrefix  = "arXiv",
      primaryClass   = "astro-ph",
      reportNumber   = "SLAC-PUB-10921",
      SLACcitation   = "%%CITATION = ASTRO-PH/0412535;%%"
}

@article{Verde:2013wza,
      author         = "Verde, Licia and Protopapas, Pavlos and Jimenez, Raul",
      title          = "{Planck and the local Universe: Quantifying the tension}",
      journal        = "Phys. Dark Univ.",
      volume         = "2",
      year           = "2013",
      pages          = "166-175",
      doi            = "10.1016/j.dark.2013.09.002",
      eprint         = "1306.6766",
      archivePrefix  = "arXiv",
      primaryClass   = "astro-ph.CO",
      SLACcitation   = "%%CITATION = ARXIV:1306.6766;%%"
}